%% LaTeX2e file `doc.bib'
%% generated by the `filecontents' environment
%% from source `doc' on 2019/12/10.
%%
@book{Taha:1998,
  title={Investigaci{\'o}n de operaciones},
  author={Taha, H.A.},
  isbn={9786073207966},
  year={2012},
  publisher={Prentice Hall}
}
